<?xml version="1.0" encoding="UTF-8"?><collection xmlns="http://www.loc.gov/MARC21/slim"><record><leader>00348nam--2200133-i-4500</leader><controlfield tag="001">000037466</controlfield><controlfield tag="002">20161230</controlfield><controlfield tag="005">20161230201041</controlfield><controlfield tag="008">060222s1000------------r-----000-0-eng-d</controlfield><datafield ind1=" " ind2=" " tag="080"><subfield code="a">615.849:612.014.481</subfield></datafield><datafield ind1=" " ind2=" " tag="245"><subfield code="a">Progress in medical radiation physics</subfield></datafield><datafield ind1=" " ind2=" " tag="260"><subfield code="a">New York, Plenum Press, 1982. Xiii+388 P</subfield></datafield><datafield ind1=" " ind2=" " tag="700"><subfield code="a">Colin G.Orton</subfield></datafield><datafield ind1=" " ind2=" " tag="852"><subfield code="a">70199</subfield></datafield></record></collection>